2232 3303
176 143 294 231 giis
341 141 552 208 tritam
567 183 585 216 ,
630 135 869 215 recisam
913 152 1000 203 ae
1028 131 1299 222 regiam,
1345 131 1705 221 qua-viator
1734 133 2114 200 auxiliatrice

180 231 549 298 comitatus·
592 223 896 294 Numinis
945 225 1164 312 gratia
1208 223 1290 288 ad
1338 222 1654 287 sum-mum
1700 220 2111 306 perfestionis

180 320 422 405 apicem
450 315 815 402 pertingere
838 311 1050 400 potest
1079 327 1272 397 atque
1309 310 1494 387 eniti,
1542 310 1722 396 quod
1756 308 2113 376 theoretice

178 428 318 474 non
358 406 588 480 minim,
637 422 830 489 quam
858 399 1128 487 praffice
1161 400 1226 467 &
1248 399 1558 484 corporis,
1608 399 1671 466 &
1700 399 1933 463 mentis
1968 418 2115 464 ocu-

176 497 251 563 lis
277 490 716 580 repraesentare
765 488 1403 558 adlaborat-strenue.
1499 488 1675 557 Dum
1720 506 1876 553 vero
1901 486 2114 571 paulu--

176 584 311 651 lum
369 581 689 654 moderno
744 578 962 656 seculi,
1020 597 1157 665 quo
1200 577 1518 653 Vivimus,
1564 573 1624 640 se
1670 573 2116 651 accommodat

180 673 426 760 palam,
466 669 576 736 -cui
613 689 748 734 non
791 687 935 734 raro
980 665 1178 754 ligato
1209 665 1500 731 sermone
1525 663 1848 730 dulcorata
1879 663 2118 731 veritas

180 762 324 848 plus
370 759 558 844 sapit,
605 778 796 845 quam
842 756 1056 832 cruda,
1104 755 1306 832 nuda,
1352 771 1544 840 atque
1589 772 1823 831 amara,
1871 773 2006 838 quae
2053 751 2119 816 li-

179 867 283 918 cet
327 847 612 934 pluribus
654 846 921 912 deberet
961 842 1079 911 efle
1115 844 1316 931 magis
1351 842 1578 918 amica,
1637 842 1784 927 quia
1836 839 2118 926 proficua

177 939 410 1026 magis,
458 937 789 1022 magisque
823 932 970 1000 esset
998 931 1420 1000 consentanea
1438 930 1700 996 (cientiae
1718 927 2119 1006 Sanctorurm

176 1029 230 1096 is
277 1046 494 1093 tamen
514 1022 939 1109 Theosophiae
984 1020 1173 1105 hujus
1205 1022 1426 1101 scopus
1458 1017 1595 1084 fere
1624 1018 1847 1084 unicus
1877 1018 1994 1095 est,
2043 1033 2119 1084 ut

177 1115 343 1183 fasta
388 1113 688 1180 omnibus
721 1111 992 1188 Omnia,
1037 1131 1264 1175 omnes
1297 1107 1556 1175 Christo
1588 1104 1949 1184 lucrifaciat,
1997 1105 2121 1173 five

182 1206 250 1273 in
286 1204 489 1270 stadio
516 1201 986 1286 incipientium,
1034 1196 1521 1283 proficientium,
1567 1194 1667 1260 vel
1687 1193 2121 1279 perfectorum

184 1308 463 1370 currant,
511 1308 588 1357 ut
634 1290 710 1356 fle
756 1310 837 1355 eo
885 1286 1120 1354 for-tius
1154 1283 1717 1351 horum—omnium
1747 1283 1951 1349 irritet
1984 1303 2122 1349 ore-

183 1384 317 1451 xim
355 1381 436 1448 ad
480 1379 746 1467 amplius
793 1376 1207 1464 gustandum,
1253 1375 1317 1442 &
1343 1372 1727 1449 videndum,
1776 1392 1970 1458 quam
1996 1370 2122 1439 sua-

184 1473 287 1542 vis
334 1470 403 1536 fit
425 1470 747 1536 Dominus
795 1465 951 1532 serio
997 1463 1201 1550 ipsum
1246 1462 1622 1538 amantibUS‚
1672 1460 1958 1528 &solide
1985 1470 2120 1526 ten-

187 1559 487 1628 dentibus
533 1557 614 1625 ad
659 1557 813 1624 Vitae
860 1570 1105 1621 aeternae
1150 1551 1482 1619 bravium:
1556 1549 1764 1637 quod,
1817 1566 1892 1614 ut
1930 1569 2122 1635 quam

186 1645 543 1717 feliciffime-
614 1643 776 1732 (suo
831 1639 1483 1732 quisquetempore)
1563 1637 2121 1725 comprehendatis

185 1758 383 1827 grege
428 1734 773 1824 vigilantia:
815 1733 1053 1799 vestrae
1079 1729 1456 1797 concredito
1497 1727 1737 1816 stipati,
1781 1726 2123 1805 continuis,
2202 1779 2204 1784 ,

185 1843 378 1915 atque
423 1824 623 1896 enixis
658 1823 1035 1911 adprecatur
1079 1820 1257 1892 Votis

1025 2665 1276 2721 humillimus
1306 2665 1374 2713 ,ὃς
1399 2665 1682 2713 deyotiffimus
1784 2712 1785 2715 ,

853 2832 1206 2911 CAR-MELUS
1239 2824 1734 2905 mscALcEATU‘s
1768 2814 2120 2901 BAVARIAE}
